@article{Khasawneh_2018,
   title={Chatter Classification in Turning using Machine Learning and Topological Data Analysis},
   volume={51},
   ISSN={2405-8963},
   url={http://dx.doi.org/10.1016/j.ifacol.2018.07.222},
   DOI={10.1016/j.ifacol.2018.07.222},
   number={14},
   journal={IFAC-PapersOnLine},
   publisher={Elsevier BV},
   author={Khasawneh, Firas A. and Munch, Elizabeth and Perea, Jose A.},
   year={2018},
   pages={195–200}
}

@article{Hopfield_1984,
   title={Neurons With Graded Response Have Collective Computational Properties Like Those of Two-State Neurons},
   volume={81},
   ISSN={0027-8424},
   url={http://dx.doi.org/10.1073/pnas.81.10.3088},
   DOI={10.1073/pnas.81.10.3088},
   journal={Proceedings of the National Academy of Sciences},
   publisher={Natl.Acad.Sci.USA},
   author={Hopfield, John J.},
   year={1984},
   pages={3088-3092}
}

@article{Hirsch_1989,
   title={Convergent Activation Dynamics in Continuous Time Neural Networks},
   volume={2},
   ISSN={0893-6080},
   url={http://dx.doi.org/10.1016/0893-6080(89)90018-X},
   DOI={10.1016/0893-6080(89)90018-X},
   journal={Neural Networks},
   publisher={Elsevier},
   author={Hirsch, Morris},
   year={1984},
   pages={331-351}
}

@article{Rovithakis_1994,
   title={Adaptive control of unknown plants using dynamical neural networks},
   volume={24},
   ISSN={2168-2216},
   url={https://ieeexplore.ieee.org/document/278990},
   DOI={10.1109/21.278990},
   journal={IEEE Transactions on Systems, Man, and Cybernetics},
   publisher={IEEE Advancing Technology for Humanity},
   author={Rovithakis, George and Christodoulou, Manolis},
   year={1994},
   pages={400-412}
}

@article{Narendra_1990,
   title={Identification and control of dynamical systems using neural networks},
   volume={11},
   ISSN={2168-2216},
   url={https://ieeexplore.ieee.org/document/80202},
   DOI={10.1109/72.80202},
   journal={IEEE Transactions on neural networks},
   publisher={IEEE Advancing Technology for Humanity},
   author={K. Narendra and K. Parthasarathy},
   year={1990},
   pages={4-27}
}

@article{Poznyak_0002,
   title={Simultaneous States and Parameters Estimation of an Ozonation Reactor Based on Dynamic Neural Network},
   volume={12},
   ISSN={0974-6870},
   url={https://doi.org/10.1134/S0005117906060051},
   DOI={10.1134/S0005117906060051},
   journal={Differential Equations and Dynamical Systems},
   publisher={Springer Nature Switzerland AG},
   author={Poznyak, A and Yu, Wen and Tatyana, Poznyak and Najim, K},
   year={2002},
   pages={195-221}
}

@article{Chashchin_2019,
   title={Предсказание эволюции динамических систем остаточными нейронными сетями},
   volume={131},
   ISSN={2071-2901},
   url={http://doi.org/10.20948/prepr-2019-131},
   DOI={10.20948/prepr-2019-131},
   journal={Препринт ИПМ},
   publisher={Springer Nature Switzerland AG},
   author={Чащин А.В., Бочев М.А., Оселедец И.В., Овчинников Г.В.},
   year={2019},
   pages={1-26}
}

@book{Haykin_1998,
  author = {Haykin, Simon S},
  year = {1999},
  title = {Neural Networks. A Comprehensive Foundation},
  publisher = {Prentice Hall},
  address = {Upper Saddle River, New Jersey},
  edition = {2}
}